@article{RKI_Bulletin,
  author       = {Dr. med. Jamela Seedat},
  title        = {Epidemiologisches  Bulletin},
  year         = 2020,
  moth         = 04,
  volume       = 17,
  url          = {https://www.rki.de/DE/Content/Infekt/EpidBull/Archiv/2020/Ausgaben/17\_20.pdf?\_\_blob=publicationFile}
}


@Online{statistischesBundesamtLandkreise,
title   = {Liste der deutschen Landkreise},
publisher = {Statistisches Bundesamt}, 
Urldate = {2021-07-25},
url     = {https://www.destatis.de/DE/Themen/Laender-Regionen/Regionales/Gemeindeverzeichnis/Administrativ/04-kreise.html}
}

@Online{statistischesBundesamtRegierungsbezirke,
title   = {Liste der deutschen Regierungsbezirke},
publisher = {Statistisches Bundesamt}, 
Urldate = {2021-07-25},
url     = {https://www.destatis.de/DE/Themen/Laender-Regionen/Regionales/Gemeindeverzeichnis/Administrativ/03-regierungsbezirke.html}
}

@Online{Zeitartikel,
title   = {Corona-Zahlen im Kreis Cloppenburg schnellen hoch},
note= {9. Oktober 2020},
publisher = {Zeit online}, 
Urldate = {2021-07-25},
url     = {https://www.zeit.de/news/2020-10/09/corona-zahlen-im-kreis-cloppenburg-hochgeschnellt}
}